<record><leader>00000cas a22000007a 4500</leader><controlfield tag="001">14981261</controlfield><controlfield tag="008">861216d18941900wiuwr ne      0    0eng d</controlfield><datafield ind1=" " ind2=" " tag="010"><subfield code="a">sn 86086848 </subfield></datafield><datafield ind1=" " ind2=" " tag="040"><subfield code="a">NPV</subfield><subfield code="b">eng</subfield><subfield code="c">NPV</subfield><subfield code="d">OCLCQ</subfield></datafield><datafield ind1=" " ind2=" " tag="042"><subfield code="a">msc</subfield></datafield><datafield ind1="0" ind2="0" tag="245"><subfield code="a">Peck's sun and Saturday star.</subfield></datafield><datafield ind1="1" ind2="3" tag="246"><subfield code="a">Sun and star</subfield></datafield><datafield ind1=" " ind2=" " tag="260"><subfield code="a">Milwaukee, Wis. :</subfield><subfield code="b">H.E. Dankoler,</subfield><subfield code="c">1894-</subfield></datafield><datafield ind1=" " ind2=" " tag="300"><subfield code="a">v.</subfield></datafield><datafield ind1=" " ind2=" " tag="310"><subfield code="a">Weekly</subfield></datafield><datafield ind1="0" ind2=" " tag="362"><subfield code="a">Dec. 29, 1894-</subfield></datafield><datafield ind1="1" ind2=" " tag="362"><subfield code="a">Ceased in 1900.</subfield><subfield code="z">Cf. Oehlerts, d. E. Guide to Wis. newspapers.</subfield></datafield><datafield ind1=" " ind2=" " tag="500"><subfield code="a">Publisher varies.</subfield></datafield><datafield ind1=" " ind2=" " tag="580"><subfield code="a">Formed by the union of: Peck's sun, Saturday star (Milwaukee, Wis.) and South Milwaukee star.</subfield></datafield><datafield ind1=" " ind2=" " tag="752"><subfield code="a">United States</subfield><subfield code="b">Wisconsin</subfield><subfield code="c">Milwaukee</subfield><subfield code="d">Milwaukee.</subfield></datafield><datafield ind1=" " ind2=" " tag="752"><subfield code="a">United States</subfield><subfield code="b">Wisconsin</subfield><subfield code="c">Washington</subfield><subfield code="d">MiIlwaukee.</subfield></datafield><datafield ind1="1" ind2="4" tag="780"><subfield code="t">Saturday star (Milwaukee, Wis.)</subfield><subfield code="w">(DLC)sn 86086837</subfield></datafield><datafield ind1="1" ind2="4" tag="780"><subfield code="t">Peck's sun</subfield><subfield code="w">(DLC)sn 86072107</subfield></datafield><datafield ind1="1" ind2="4" tag="780"><subfield code="t">South Milwaukee star</subfield></datafield></record>